@article{clip,
  author  = {Radford, Alec and Kim, Jong Wook and Hallacy, Chris and Ramesh, A. and Goh, Gabriel and Agarwal, Sandhini and Sastry, Girish and Askell, Amanda and Mishkin, Pamela and Clark, Jack and Krueger, Gretchen and Sutskever, Ilya},
  journal = {arXiv (Cornell University)},
  month   = {1},
  title   = {{Learning transferable visual models from natural language supervision}},
  year    = {2021},
  doi     = {10.48550/arxiv.2103.00020},
  url     = {https://arxiv.org/abs/2103.00020}
}



@article{diggs,
  author  = {Diggs-Galligan, Sophia and Chu, Junyi and Tenenbaum, Josh and Schulz, Laura},
  journal = {Proceedings of the Annual Meeting of the Cognitive Science Society},
  month   = {1},
  number  = {43},
  title   = {{Explore, Exploit, Create: Inventing goals in play}},
  volume  = {43},
  year    = {2021},
  url     = {https://escholarship.org/content/qt3rt5512s/qt3rt5512s.pdf?t=qwi31l}
}

@article{chu2020play,
  title     = {Play, curiosity, and cognition},
  author    = {Chu, Junyi and Schulz, Laura E},
  journal   = {Annual Review of Developmental Psychology},
  volume    = {2},
  pages     = {317--343},
  year      = {2020},
  publisher = {Annual Reviews}
}

@article{exploration,
  title     = {Exploratory behavior in the development of perceiving, acting, and the acquiring of knowledge},
  author    = {Gibson, Eleanor J},
  journal   = {Annual review of psychology},
  volume    = {39},
  number    = {1},
  pages     = {1--42},
  year      = {1988},
  publisher = {Annual Reviews 4139 El Camino Way, PO Box 10139, Palo Alto, CA 94303-0139, USA}
}

@article{symmetry,
  title   = {{The construction of symmetry in children and adults}},
  author  = {Zingrone, William A.},
  journal = {Journal of genetic psychology/ The Journal of genetic psychology},
  month   = {1},
  number  = {2},
  pages   = {91--104},
  volume  = {175},
  year    = {2014},
  doi     = {10.1080/00221325.2013.799058},
  url     = {https://doi.org/10.1080/00221325.2013.799058}
}

@article{compositional,
  title     = {The development of compositional strategies in children's drawings},
  author    = {Golomb, Claire},
  journal   = {Visual Arts Research},
  pages     = {42--52},
  year      = {1987},
  publisher = {JSTOR}
}



@misc{zest,
  title         = {Can Foundation Models Perform Zero-Shot Task Specification For Robot Manipulation?},
  author        = {Yuchen Cui and Scott Niekum and Abhinav Gupta and Vikash Kumar and Aravind Rajeswaran},
  year          = {2022},
  eprint        = {2204.11134},
  archiveprefix = {arXiv},
  primaryclass  = {cs.RO}
}

@misc{negprompt,
  title         = {Vision-Language Models as a Source of Rewards},
  author        = {Kate Baumli and Satinder Baveja and Feryal Behbahani and Harris Chan and Gheorghe Comanici and Sebastian Flennerhag and Maxime Gazeau and Kristian Holsheimer and Dan Horgan and Michael Laskin and Clare Lyle and Hussain Masoom and Kay McKinney and Volodymyr Mnih and Alexander Neitz and Fabio Pardo and Jack Parker-Holder and John Quan and Tim Rocktäschel and Himanshu Sahni and Tom Schaul and Yannick Schroecker and Stephen Spencer and Richie Steigerwald and Luyu Wang and Lei Zhang},
  year          = {2024},
  eprint        = {2312.09187},
  archiveprefix = {arXiv},
  primaryclass  = {cs.LG}
}

@misc{vlmrm,
  title         = {Vision-Language Models are Zero-Shot Reward Models for Reinforcement Learning},
  author        = {Juan Rocamonde and Victoriano Montesinos and Elvis Nava and Ethan Perez and David Lindner},
  year          = {2024},
  eprint        = {2310.12921},
  archiveprefix = {arXiv},
  primaryclass  = {cs.LG}
}

@misc{lamp,
  title         = {Language Reward Modulation for Pretraining Reinforcement Learning},
  author        = {Ademi Adeniji and Amber Xie and Carmelo Sferrazza and Younggyo Seo and Stephen James and Pieter Abbeel},
  year          = {2023},
  eprint        = {2308.12270},
  archiveprefix = {arXiv},
  primaryclass  = {cs.LG}
}



@misc{vlmdistill,
  title         = {Semantic Exploration from Language Abstractions and Pretrained Representations},
  author        = {Allison C. Tam and Neil C. Rabinowitz and Andrew K. Lampinen and Nicholas A. Roy and Stephanie C. Y. Chan and DJ Strouse and Jane X. Wang and Andrea Banino and Felix Hill},
  year          = {2023},
  eprint        = {2204.05080},
  archiveprefix = {arXiv},
  primaryclass  = {cs.LG}
}

@misc{vlmlang,
  title         = {Improving Intrinsic Exploration with Language Abstractions},
  author        = {Jesse Mu and Victor Zhong and Roberta Raileanu and Minqi Jiang and Noah Goodman and Tim Rocktäschel and Edward Grefenstette},
  year          = {2022},
  eprint        = {2202.08938},
  archiveprefix = {arXiv},
  primaryclass  = {cs.LG}
}



@article{ceeus,
  author  = {Sancaktar, Cansu and Blaes, Sebastian and Martius, Georg},
  journal = {arXiv (Cornell University)},
  month   = {6},
  title   = {{Curious exploration via structured world models yields Zero-Shot object manipulation}},
  year    = {2022},
  doi     = {10.48550/arxiv.2206.11403},
  url     = {https://arxiv.org/abs/2206.11403}
}

@misc{rair,
  title         = {Regularity as Intrinsic Reward for Free Play},
  author        = {Cansu Sancaktar and Justus Piater and Georg Martius},
  year          = {2023},
  eprint        = {2312.01473},
  archiveprefix = {arXiv},
  primaryclass  = {cs.LG}
}

@misc{sac,
  title         = {Soft Actor-Critic: Off-Policy Maximum Entropy Deep Reinforcement Learning with a Stochastic Actor},
  author        = {Tuomas Haarnoja and Aurick Zhou and Pieter Abbeel and Sergey Levine},
  year          = {2018},
  eprint        = {1801.01290},
  archiveprefix = {arXiv},
  primaryclass  = {cs.LG}
}

@misc{rnd,
  title         = {Exploration by Random Network Distillation},
  author        = {Yuri Burda and Harrison Edwards and Amos Storkey and Oleg Klimov},
  year          = {2018},
  eprint        = {1810.12894},
  archiveprefix = {arXiv},
  primaryclass  = {cs.LG}
}

@misc{icm,
  title         = {Curiosity-driven Exploration by Self-supervised Prediction},
  author        = {Deepak Pathak and Pulkit Agrawal and Alexei A. Efros and Trevor Darrell},
  year          = {2017},
  eprint        = {1705.05363},
  archiveprefix = {arXiv},
  primaryclass  = {cs.LG}
}

@misc{disagreement,
  title         = {Self-Supervised Exploration via Disagreement},
  author        = {Deepak Pathak and Dhiraj Gandhi and Abhinav Gupta},
  year          = {2019},
  eprint        = {1906.04161},
  archiveprefix = {arXiv},
  primaryclass  = {cs.LG}
}

@article{exploration_survey,
  title     = {Exploration in deep reinforcement learning: A survey},
  volume    = {85},
  issn      = {1566-2535},
  url       = {http://dx.doi.org/10.1016/j.inffus.2022.03.003},
  doi       = {10.1016/j.inffus.2022.03.003},
  journal   = {Information Fusion},
  publisher = {Elsevier BV},
  author    = {Ladosz, Pawel and Weng, Lilian and Kim, Minwoo and Oh, Hyondong},
  year      = {2022},
  month     = sep,
  pages     = {1-22}
}



@inproceedings{aihuman,
  title     = {What can {AI} Learn from Human Exploration? Intrinsically-Motivated Humans and Agents in Open-World Exploration},
  author    = {Yuqing Du and Eliza Kosoy and Alyssa Dayan and Maria Rufova and Pieter Abbeel and Alison Gopnik},
  booktitle = {NeurIPS 2023 workshop: Information-Theoretic Principles in Cognitive Systems},
  year      = {2023},
  url       = {https://openreview.net/forum?id=5uU9TY2oME}
}

@misc{asp,
  title         = {Intrinsic Motivation and Automatic Curricula via Asymmetric Self-Play},
  author        = {Sainbayar Sukhbaatar and Zeming Lin and Ilya Kostrikov and Gabriel Synnaeve and Arthur Szlam and Rob Fergus},
  year          = {2018},
  eprint        = {1703.05407},
  archiveprefix = {arXiv},
  primaryclass  = {cs.LG}
}

@misc{openai_asp,
  title         = {Asymmetric self-play for automatic goal discovery in robotic manipulation},
  author        = {OpenAI OpenAI and Matthias Plappert and Raul Sampedro and Tao Xu and Ilge Akkaya and Vineet Kosaraju and Peter Welinder and Ruben D'Sa and Arthur Petron and Henrique P. d. O. Pinto and Alex Paino and Hyeonwoo Noh and Lilian Weng and Qiming Yuan and Casey Chu and Wojciech Zaremba},
  year          = {2021},
  eprint        = {2101.04882},
  archiveprefix = {arXiv},
  primaryclass  = {cs.LG}
}
